<?xml version="1.0" encoding="UTF-8"?><collection xmlns="http://www.loc.gov/MARC21/slim"><record><leader>00421nam--2200133-i-4500</leader><controlfield tag="001">000001659</controlfield><controlfield tag="002">20161230</controlfield><controlfield tag="005">20161230201024</controlfield><controlfield tag="008">060222s1000------------r-----000-0-eng-d</controlfield><datafield ind1=" " ind2=" " tag="080"><subfield code="a">530.145(047.1)</subfield></datafield><datafield ind1=" " ind2=" " tag="100"><subfield code="a">Frederiksen, J. S</subfield></datafield><datafield ind1=" " ind2=" " tag="245"><subfield code="a">Double spectral representations of single 100p amplitudes with k vertices:k mai mare egal cu 4</subfield></datafield><datafield ind1=" " ind2=" " tag="260"><subfield code="a">Groningen, Institute For Theoretical Physics, /1973/ 35 P</subfield></datafield><datafield ind1=" " ind2=" " tag="852"><subfield code="a">39472</subfield></datafield></record></collection>